@misc{data_prep,
	author = "A. Woodie",
	title = "Data Prep Still Dominates Data Scientists’ Time, Survey Finds",
	day = "06",
	month = "julio",
	year = "2020",
	url = "https://www.datanami.com/2020/07/06/data-prep-still-dominates-data-scientists-time-survey-finds/",
	note = "[Internet; accedido el 15 de enero de 2023]"
}

@misc{elpais,
	author = "J. A. Fernández",
	title = "Teletrabajar desde la España vaciada",
	day = "12",
	month = "mayo",
	year = "2021",
	url = "https://elpais.com/economia/estar-donde-estes/2021-05-12/teletrabajar-desde-la-espana-vaciada.html",
	note = "[Internet; accedido el 15 de enero de 2023]"
}

@misc{terrenos,
	author = "Terrenos.es",
	title = "Teletrabajo en entorno rural, ¿el remedio contra la ‘España vaciada’?",
	day = "13",
	month = "febrero",
	year = "2022",
	url = "https://terrenos.es/blog/teletrabajo-en-entorno-rural-el-remedio-contra-la-espana-vaciada",
	note = "[Internet; accedido el 15 de enero de 2023]"
}

@misc{innovando,
	author = "M. Regidor",
	title = "Conquistando la España Vaciada gracias al teletrabajo",
	day = "27",
	month = "junio",
	year = "2021",
	url = "https://innovan.do/tecnologias/conquistando-la-espana-vaciada-gracias-al-teletrabajo/",
	note = "[Internet; accedido el 15 de enero de 2023]"
}

@misc{20mins,
	author = "20 Minutos | Europa Press",
	title = "¿Mudarse a la España vaciada? 27 pueblos forman la Red Nacional de Pueblos Acogedores para el teletrabajo",
	day = "01",
	month = "julio",
	year = "2021",
	url = "https://www.20minutos.es/noticia/4749870/0/mudarse-a-la-espana-vaciada-27-pueblos-forman-la-red-nacional-de-pueblos-acogedores-para-el-teletrabajo/",
	note = "[Internet; accedido el 15 de enero de 2023]"
}

@misc{expansion,
	author = "M. Castillo",
	title = "Esta es la España vaciada donde los funcionarios podrán teletrabajar un 90%",
	day = "17",
	month = "diciembre",
	year = "2021",
	url = "https://www.expansion.com/economia/2021/12/17/61bc3e21468aeb744e8b46b7.html",
	note = "[Internet; accedido el 15 de enero de 2023]"
}

@misc{muycomputerpro,
	author = "S. Delgado",
	title = "España vaciada y reconexión digital: ¿hemos podido teletrabajar desde el pueblo?",
	day = "30",
	month = "junio",
	year = "2022",
	url = "https://www.muycomputerpro.com/2022/06/30/espana-vaciada-y-reconexion-digital-hemos-podido-teletrabajar-desde-el-pueblo",
	note = "[Internet; accedido el 15 de enero de 2023]"
}

@misc{ubu,
	author = "Fundación Universidad de Burgos",
	title = "Convocatoria Prototipos Orientados Al Mercado - Plan Tcue 2021-2023 Curso 2021/2022: Acta De Resultados De Valoración",
	day = "15",
	month = "marzo",
	year = "2022",
	url = "https://www.ubu.es/sites/default/files/articles/files/acta_prototipos_2021-2022_vf_0.pdf",
	note = "[Internet; accedido el 16 de enero de 2023]"
}

@misc{cyl,
	author = "Junta de Castilla y león",
	title = "La Junta Concede Los Premios Datos Abiertos De Castilla Y León 2021 Y Reconoce Los Mejores Proyectos Que Han Reutilizado Información Pública Autonómica",
	day = "07",
	month = "octubre",
	year = "2021",
	url = "https://comunicacion.jcyl.es/web/jcyl/Comunicacion/es/Plantilla100Detalle/1284882231857/NotaPrensa/1285099139803/Comunicacion",
	note = "[Internet; accedido el 16 de enero de 2023]"
}

@misc{repueblame,
	author = "J. García, G. García",
	title = "Repuéblame: Pueblos con calidad de vida",
	year = "2022",
	url = "https://repuebla.me",
	note = "[Internet; accedido el 10 de diciembre de 2022]"
}

@misc{apadrina_un_pueblo,
	author = "VanWoow",
	title = "Apadrina un pueblo",
	year = "2022",
	url = "https://vanwoow.es/sponsors",
	note = "[Internet; accedido el 10 de diciembre de 2022]"
}

@misc{pueblos_magicos,
	author = "Pueblos Mágicos de España",
	title = "Pueblos Mágicos de España",
	year = "2022",
	url = "https://www.pueblosmagicos.es",
	note = "[Internet; accedido el 10 de diciembre de 2022]"
}

@misc{aepd,
	author = "Agencia Española de Protección de Datos",
	title = "Protección de datos por defecto",
	day = "25",
	month = "noviembre",
	year = "2021",
	url = "https://www.aepd.es/es/derechos-y-deberes/cumple-tus-deberes/medidas-de-cumplimiento/proteccion-de-datos-por-defecto",
	note = "[Internet; accedido el 31 de diciembre de 2022]"
}

@misc{discretizacion,
	author = "Colaboradores de Wikipedia",
	title = "Discretización - Wikipedia, la enciclopedia libre",
	day = "17",
	month = "marzo",
	year = "2022",
	url = "https://es.wikipedia.org/wiki/Discretización",
	note = "[Internet; accedido el 16 de enero de 2023]"
}

@misc{normalizacion,
	author = "Colaboradores de Wikipedia",
	title = "Normalización (estadística) - Wikipedia, la enciclopedia libre",
	day = "16",
	month = "octubre",
	year = "2022",
	url = "https://es.wikipedia.org/wiki/Normalización_(estad%C3%ADstica)",
	note = "[Internet; accedido el 16 de enero de 2023]"
}

@misc{normalizacion2,
	author = "P. Rodó",
	title = "Normalización estadística",
	day = "06",
	month = "julio",
	year = "2019",
	url = "https://economipedia.com/definiciones/normalizacion-estadistica.html",
	note = "[Internet; accedido el 16 de enero de 2023]"
}

@misc{municipio,
	author = "Colaboradores de Wikipedia",
	title = "Municipio - Wikipedia, la enciclopedia libre",
	day = "06",
	month = "diciembre",
	year = "2022",
	url = "https://es.wikipedia.org/wiki/Municipio_(España)",
	note = "[Internet; accedido el 16 de enero de 2023]"
}

@misc{ESP_wiki,
	author = "Colaboradores de Wikipedia",
	title = "Entidad singular de población - Wikipedia, la enciclopedia libre",
	day = "24",
	month = "noviembre",
	year = "2022",
	url = "https://es.wikipedia.org/wiki/Entidad_singular_de_población",
	note = "[Internet; accedido el 16 de enero de 2023]"
}

@misc{INE_entidad_singular,
	author = "Instituto Nacional de Estadística",
	title = "Glosario de Conceptos: Entidad Singular",
	year = "n.d.",
	url = "https://www.ine.es/DEFIne/es/concepto.htm?c=4928&op=9261&p=1&n=20",
	note = "[Internet; accedido el 16 de enero de 2023]"
}

@misc{datos_abiertos,
	author = "Colaboradores de Wikipedia",
	title = "Datos abiertos - Wikipedia, la enciclopedia libre",
	day = "15",
	month = "diciembre",
	year = "2022",
	url = "https://es.wikipedia.org/wiki/Datos_abiertos",
	note = "[Internet; accedido el 16 de enero de 2023]"
}

@misc{scraping_legal,
	author = "Datstrats",
	title = "¿Es legal el scraping en España?",
	year = "(n.d.)",
	url = "https://datstrats.com/blog/scraping-es-legal-espana/",
	note = "[Internet; accedido el 15 de enero de 2023]"
}

@misc{ryanair,
	author = "Gomez-Acebo & Pombo Abogados",
	title = "Screen scraping: condiciones generales: de la contratación, bases de datos y competencia desleal",
	day = "14",
	month = "enero",
	year = "2013",
	url = "https://www.lexology.com/library/detail.aspx?g=e95238ec-ee8a-4dbe-afda-055adc498b18o",
	note = "[Internet; accedido el 15 de enero de 2023]"
}

@misc{geocodificacion,
	author = "Colaboradores de Wikipedia",
	title = "Geocodificación - Wikipedia, la enciclopedia libre",
	day = "02",
	month = "diciembre",
	year = "2022",
	url = "https://es.wikipedia.org/wiki/Geocodificaci%C3%B3n",
	note = "[Internet; accedido el 16 de enero de 2023]"
}

@misc{paas,
	author = "Salesforce",
	title = "¿Qué es PaaS? - Descripción de plataforma como servicio",
	year = "(n.d.)",
	url = "https://www.salesforce.com/es/learning-centre/tech/paas/",
	note = "[Internet; accedido el 16 de enero de 2023]"
}

@misc{crisp,
	author = "KDNuggets",
	title = "CRISP-DM, still the top methodology for analytics, data mining, or data science projects",
	year = "(n.d.)",
	url = "https://www.kdnuggets.com/2014/10/crisp-dm-top-methodology-analytics-data-mining-data-science-projects.html",
	note = "[Internet; accedido el 2 de enero de 2023]"
}

@misc{todoist,
	author = "Doist Inc.",
	title = "Todoist | Una to-do list app para organizar trabajo y vida",
	year = "(n.d.)",
	url = "http://todoist.com",
	note = "[Internet; accedido el 15 de enero de 2023]"
}

@misc{github,
	author = "GitHub Inc.",
	title = "GitHub: Let’s build from here",
	year = "(n.d.)",
	url = "http://github.com",
	note = "[Internet; accedido el 15 de enero de 2023]"
}

@misc{openelevation,
	author = "Open-Elevation",
	title = "Open-Elevation API",
	year = "2022",
	url = "https://open-elevation.com",
	note = "[Internet; accedido el 18 de diciembre de 2022]"
}

@misc{salud,
	author = "Ministerio de Sanidad",
	title = "Centros, servicios y establecimientos sanitarios del Sistema Nacional de Salud",
	year = "2022",
	url = "https://www.sanidad.gob.es/ciudadanos/centrosCA.do",
	note = "[Internet; accedido el 18 de diciembre de 2022]"
}

@misc{cobertura,
	author = "Ministerio de Asuntos Económicos y Transformación Digital",
	title = "Cobertura Banda Ancha España 2021 Fija y Móvil",
	month = "junio",
	year = "2021",
	url = "https://avancedigital.mineco.gob.es/banda-ancha/cobertura/Paginas/informacion-cobertura.aspx",
	note = "[Internet; accedido el 21 de diciembre de 2022]"
}

@misc{openweather,
	author = "OpenWeather",
	title = "Weather API - OpenWeather",
	year = "2022",
	url = "https://openweathermap.org/api",
	note = "[Internet; accedido el 19 de diciembre de 2022]"
}

@misc{otp,
	author = "OpenTripPlanner",
	title = "OpenTripPlanner Basic Tutorial: An open source multi-modal trip planner",
	year = "2022",
	url = "http://docs.opentripplanner.org/en/latest/Basic-Tutorial/",
	note = "[Internet; accedido el 18 de diciembre de 2022]"
}

@misc{GeoPy,
	author = "K. Esmukov, contribuyentes de GeoPy",
	title = "Geopy • PyPI",
	year = "2018",
	url = "https://pypi.org/project/geopy/",
	note = "[Internet; accedido el 18 de diciembre de 2022]"
}

@misc{wikipedia_api,
	author = "Wikipedia",
	title = "API:Portada - MediaWiki",
	year = "2022",
	url = "https://www.mediawiki.org/wiki/API:Main_page/es",
	note = "[Internet; accedido el 22 de diciembre de 2022]"
}

@misc{positionstack,
	author = "Positionstack",
	title = "Accurate Forward & Reverse Batch Geocoding REST API",
	year = "2022",
	url = "http://positionstack.com",
	note = "[Internet; accedido el 18 de diciembre de 2022]"
}

@misc{geoapify,
	author = "Geoapify",
	title = "Maps, APIs and components | Geoapify Location Platform",
	year = "2022",
	url = "https://www.geoapify.com",
	note = "[Internet; accedido el 21 de diciembre de 2022]"
}

@misc{municipios_ine,
	author = "Instituto Nacional de Estadística",
	title = "Relación de municipios y códigos por provincias y comunidades autónomas",
	day = "01",
	month = "enero",
	year = "2021",
	url = "https://www.ine.es/CDINEbase/consultar.do?mes=&operacion=Relaci%F3n+de+municipios+y+c%F3digos+por+provincias+y+comunidades+aut%F3nomas&id_oper=Ir",
	note = "[Internet; accedido el 17 de diciembre de 2022]"
}

@misc{entidades,
	author = "F. Ruiz",
	title = "Lista de entidades singulares según el nomenclátor oficial",
	day = "1",
	month = "enero",
	year = "2011",
	url = "https://alarcos.esi.uclm.es/per/fruiz/pobesp/tem_list.htm#ent",
	note = "[Internet; accedido el 17 de diciembre de 2022]"
}

@misc{nomenclator,
	author = "Instituto Geográfico Nacional",
	title = "Nomenclátor Geográfico de Municipios y Entidades de Población",
	year = "2022",
	url = "https://centrodedescargas.cnig.es/CentroDescargas/catalogo.do?Serie=CAANE",
	note = "[Internet; accedido el 17 de diciembre de 2022]"
}

@misc{colegios,
	author = "Ministerio de Educación y Formación Profesional",
	title = "Registro Estatal de Centros Docentes no Universitarios (RCD)",
	year = "2022",
	url = "https://www.educacion.gob.es/centros/buscar.do",
	note = "[Internet; accedido el 9 de diciembre de 2022]"
}

@misc{infojobs,
	author = "Adevinta",
	title = "InfoJobs - Bolsa de trabajo, ofertas de empleo",
	year = "2022",
	url = "https://www.infojobs.net",
	note = "[Internet; accedido el 10 de diciembre de 2022]"
}

@misc{universidades,
	author = "Ministerio de Universidades",
	title = "Registro de Universidades, Centros y Títulos (RUCT)",
	year = "2022",
	url = "https://www.educacion.gob.es/ruct/consultauniversidades?actual=universidades",
	note = "[Internet; accedido el 9 de diciembre de 2022]"
}

@misc{fotocasa,
	author = "Fotocasa",
	title = "Fotocasa.es: Alquiler de pisos, compra y venta",
	year = "2022",
	url = "https://www.fotocasa.com",
	note = "[Internet; accedido el 19 de diciembre de 2022]"
}

@misc{idealista,
	author = "Idealista",
	title = "idealista –– Casas y pisos, alquiler y venta. Anuncios gratis",
	year = "2022",
	url = "https://www.idealista.com",
	note = "[Internet; accedido el 18 de diciembre de 2022]"
}

@misc{provincias,
	author = "Libretilla",
	title = "Las 50 provincias de España y sus capitales",
	day = "10",
	month = "febrero",
	year = "2020",
	url = "https://libretilla.com/provincias-de-espana/",
	note = "[Internet; accedido el 18 de diciembre de 2022]"
}

@misc{relieve,
	author = "El Orden Mundial",
	title = "El mapa físico de España",
	day = "21",
	month = "enero",
	year = "2022",
	url = "https://elordenmundial.com/mapas-y-graficos/el-mapa-fisico-de-espana/",
	note = "[Internet; accedido el 18 de diciembre de 2022]"
}

@misc{renta,
	author = "Agencia Tributaria",
	title = "Posicionamiento de los municipios mayores de 1.000 habitantes por Renta bruta media",
	year = "2019",
	url = "https://www.agenciatributaria.es/AEAT/Contenidos_Comunes/La_Agencia_Tributaria/Estadisticas/Publicaciones/sites/irpfmunicipios/2019/jrubikf74b3dca9af01b51cabd6d5603e0e16daecd1a97c.html",
	note = "[Internet; accedido el 18 de diciembre de 2022]"
}

@misc{renta_navarra,
	author = "Hacienda Navarra",
	title = "Estadísticas Impuesto sobre la renta de las Personas Físicas",
	year = "2020",
	url = "http://www.navarra.es/home_es/Gobierno+de+Navarra/Organigrama/Los+departamentos/Economia+y+Hacienda/Organigrama/Estructura+Organica/Hacienda/ESTADISTICAS+IRPF.htm",
	note = "[Internet; accedido el 18 de diciembre de 2022]"
}

@misc{renta_euskadi,
	author = "Euskal Estatistika Erakundea/Instituto Vasco de Estadística",
	title = "Renta familiar media de la C. A. de Euskadi por ámbitos territoriales, según tipo de renta (euros). 2020",
	year = "2020",
	url = "https://www.eustat.eus/elementos/ele0005700/renta-familiar-media-de-la-ca-de-euskadi-por-ambitos-territoriales-segun-tipo-de-renta-euros/tbl0005791_c.html",
	note = "[Internet; accedido el 18 de diciembre de 2022]"
}

@misc{PIB_pais_vasco,
	author = "Euskal Estatistika Erakundea/Instituto Vasco de Estadística",
	title = "Producto interior bruto (PIB) de la C.A. de Euskadi por ámbitos territoriales. 1996 - 2020",
	year = "2020",
	url = "https://www.eustat.eus/bankupx/pxweb/es/DB/-/PX_170120_cpibmun_pibmun03b.px/table/tableViewLayout1/",
	note = "[Internet; accedido el 26 de diciembre de 2022]"
}

@article{rugosidad,
	author = "F. J. Gisbert, I. Cantarino",
	year = "2010",
	month = "enero",
	title = "Rugosidad del terreno: Una característica del paisaje poco estudiada"
}

@misc{INE_empleo,
	author = "Instituto Nacional de Estadística",
	title = "Tasas de actividad, paro y empleo por provincia y sexo",
	year = "2022",
	url = "https://www.ine.es/jaxiT3/Tabla.htm?t=3996",
	note = "[Internet; accedido el 20 de diciembre de 2022]"
}

@misc{postman,
	author = "Postman Inc.",
	title = "Postman API Platform",
	year = "2022",
	url = "https://www.postman.com",
	note = "[Internet; accedido el 17 de diciembre de 2022]"
}

@misc{molbiotools,
	author = "Molbiotools.com",
	title = "Compare Lists - Multiple List Comparator",
	year = "2022",
	url = "https://molbiotools.com/listcompare.php",
	note = "[Internet; accedido el 20 de diciembre de 2022]"
}

@misc{somacon,
	author = "S. N. Humbad",
	title = "Count Duplicates in a List Online Tool",
	day = "31",
	month = "octubre",
	year = "2022",
	url = "https://www.somacon.com/p568.php",
	note = "[Internet; accedido el 26 de diciembre de 2022]"
}

@misc{csv2json,
	author = "Flatfile team and contributors",
	title = "CSV to JSON - CSVJSON",
	year = "2022",
	url = "https://csvjson.com/csv2json",
	note = "[Internet; accedido el 21 de diciembre de 2022]"
}

@misc{mapmaker,
	author = "MapMaker",
	title = "MapMaker - Plot coordinates, make advanced maps & analyze geographic data",
	year = "2022",
	url = "https://www.darrinward.com/lat-long",
	note = "[Internet; accedido el 21 de diciembre de 2022]"
}

@misc{dcode,
	author = "dCode",
	title = "Duplicates in a List Finder",
	year = "2022",
	url = "https://www.dcode.fr/duplicates-detector",
	note = "[Internet; accedido el 10 de diciembre de 2022]"
}

@misc{excel,
	author = "Microsoft Inc.",
	title = "Excel | Microsoft 365",
	year = "(n.d.)",
	url = "https://office.live.com/start/Excel.aspx?omkt=es-ES",
	note = "[Internet; accedido el 31 de diciembre de 2022]"
}

@misc{numbers,
	author = "Apple Inc.",
	title = "Numbers - Apple (ES)",
	year = "(n.d.)",
	url = "https://www.apple.com/es/numbers/",
	note = "[Internet; accedido el 15 de enero de 2023]"
}

@misc{regexr,
	author = "GSkinner",
	title = "RegExr: Learn, Build, & Test RegEx",
	year = "2022",
	url = "https://regexr.com",
	note = "[Internet; accedido el 19 de diciembre de 2022]"
}

@misc{alfabetico,
	author = "Elite Cafemedia Tech",
	title = "Alphabetical Order",
	year = "2022",
	url = "https://www.textfixer.com/tools/alphabetical-order.php",
	note = "[Internet; accedido el 21 de diciembre de 2022]"
}

@misc{dedupelist,
	author = "I. Bradley",
	title = "Remove Duplicates from List of Lines",
	year = "2022",
	url = "https://dedupelist.com",
	note = "[Internet; accedido el 15 de diciembre de 2022]"
}

@misc{codebeautify,
	author = "CodeBeautify",
	title = "Remove Empty Lines",
	year = "2022",
	url = "https://codebeautify.org/remove-empty-lines",
	note = "[Internet; accedido el 15 de diciembre de 2022]"
}

@misc{jsonlint,
	author = "CircleCell",
	title = "JSONLint - The JSON Validator",
	year = "2022",
	url = "https://jsonlint.com",
	note = "[Internet; accedido el 21 de diciembre de 2022]"
}

@misc{jsonviewer,
	author = "CodeBeautify",
	title = "JSON Viewer",
	year = "2022",
	url = "https://codebeautify.org/jsonviewer",
	note = "[Internet; accedido el 23 de de diciembre de 2022]"
}

@misc{beautifulsoup4,
	author = "L. Richardson",
	title = "beautifulsoup4 • PyPI",
	day = "08",
	month = "abril",
	year = "2022",
	url = "https://pypi.org/project/beautifulsoup4/",
	note = "[Internet; accedido el 18 de diciembre de 2022]"
}

@misc{flask,
	author = "A. Ronacher",
	title = "Flask • PyPI",
	day = "09",
	month = "agosto",
	year = "2022",
	url = "https://pypi.org/project/Flask/",
	note = "[Internet; accedido el 26 de diciembre de 2022]"
}

@misc{jinja2,
	author = "A. Ronacher",
	title = "Jinja2 • PyPI",
	day = "28",
	month = "abril",
	year = "2022",
	url = "https://pypi.org/project/Jinja2/",
	note = "[Internet; accedido el 26 de diciembre de 2022]"
}

@misc{pandas,
	author = "The Pandas Development Team",
	title = "Pandas • PyPI",
	day = "23",
	month = "noviembre",
	year = "2022",
	url = "https://pypi.org/project/pandas/",
	note = "[Internet; accedido el 15 de enero de 2023]"
}

@misc{py_dotenv,
	author = "S. Kumar",
	title = "python-dotenv • PyPI",
	day = "03",
	month = "septiembre",
	year = "2022",
	url = "https://pypi.org/project/python-dotenv/",
	note = "[Internet; accedido el 18 de diciembre de 2022]"
}

@misc{INCIBE,
	author = "Instituto Nacional de Ciberseguridad",
	title = "Plan Director de Seguridad",
	year = "2022",
	url = "https://www.incibe.es/protege-tu-empresa/que-te-interesa/plan-director-seguridad",
	note = "[Internet; accedido el 12 de enero de 2023]"
}

@misc{OWASP,
	author = "The Open Web Application Security Project",
	title = "The Open Web Application Security Project - Top 10 vulnerabilities 2021",
	year = "2022",
	url = "https://owasp.org/www-project-top-ten",
	note = "[Internet; accedido el 12 de enero de 2023]"
}

@misc{phpdotenv,
	author = "V. Lucas",
	title = "PHPDotEnv",
	day = "16",
	month = "octubre",
	year = "2022",
	url = "https://github.com/vlucas/phpdotenv",
	note = "[Internet; accedido el 9 de enero de 2023]"
}

@misc{re,
	author = "Python Software Foundation",
	title = "re — Regular expression operations",
	year = "(n.d.)",
	url = "https://docs.python.org/3/library/re.html",
	note = "[Internet; accedido el 22 de diciembre de 2022]"
}

@misc{requests,
	author = "K. Reitz",
	title = "Requests • PyPI",
	day = "29",
	month = "junio",
	year = "2022",
	url = "https://pypi.org/project/requests/",
	note = "[Internet; accedido el 17 de diciembre de 2022]"
}

@misc{scikit,
	author = "A. Mueller",
	title = "Scikit-Learn • PyPI",
	day = "08",
	month = "diciembre",
	year = "2022",
	url = "https://pypi.org/project/scikit-learn/",
	note = "[Internet; accedido el 27 de diciembre de 2022]"
}

@misc{surprise,
	author = "N. Hug",
	title = "Surprise • PyPI",
	day = "14",
	month = "enero",
	year = "2017",
	url = "https://pypi.org/project/surprise/",
	note = "[Internet; accedido el 27 de diciembre de 2022]"
}

@misc{scikit_surprise,
	author = "N. Hug",
	title = "Scikit-Surprise • PyPI",
	day = "23",
	month = "septiembre",
	year = "2022",
	url = "https://pypi.org/project/scikit-surprise/",
	note = "[Internet; accedido el 27 de diciembre de 2022]"
}

@misc{sys,
	author = "Python Software Foundation.",
	title = "sys — Parámetros y funciones específicos del sistema",
	year = "(n.d.)",
	url = "https://docs.python.org/es/3/library/sys.html",
	note = "[Internet; accedido el 17 de diciembre de 2022]"
}

@misc{wikipedia_py,
	author = "J. Goldsmith",
	title = "Wikipedia • PyPI",
	day = "15",
	month = "noviembre",
	year = "2014",
	url = "https://pypi.org/project/wikipedia/",
	note = "[Internet; accedido el 9 de enero de 2023]"
}

@misc{sublime,
	author = "Sublime HQ Pty Ltd",
	title = "Sublime Text - Text Editing, Done Right",
	year = "(n.d.)",
	url = "https://www.sublimetext.com",
	note = "[Internet; accedido el 17 de enero de 2023]"
}

@misc{safari,
	author = "Apple Inc.",
	title = "Safari - Apple (ES)",
	year = "(n.d.)",
	url = "https://www.apple.com/es/safari/",
	note = "[Internet; accedido el 17 de enero de 2023]"
}

@misc{chrome,
	author = "Google Inc.",
	title = "Google Chrome",
	year = "(n.d.)",
	url = "https://www.google.com/chrome/",
	note = "[Internet; accedido el 17 de enero de 2023]"
}

@misc{firefox,
	author = "Mozilla Foundation",
	title = "Descarga Navegador Firefox - Rápido, privado y gratis - De Mozilla",
	year = "(n.d.)",
	url = "https://www.mozilla.org/es-ES/firefox/new/",
	note = "[Internet; accedido el 17 de enero de 2023]"
}

@misc{appengine,
	author = "Google Inc.",
	title = "Plataforma de aplicaciones App Engine | App Engine | Google Cloud",
	year = "(n.d.)",
	url = "https://code.google.com/appengine/",
	note = "[Internet; accedido el 17 de enero de 2023]"
}

@misc{dondominio,
	author = "Soluciones Corporativas IP",
	title = "DonDominio | Registro de dominios, hosting, correo y SSL",
	year = "(n.d.)",
	url = "https://www.dondominio.com/es/",
	note = "[Internet; accedido el 17 de enero de 2023]"
}

@misc{overleaf,
	author = "Overleaf",
	title = "Online LaTeX Editor Overleaf",
	year = "(n.d.)",
	url = "https://www.overleaf.com",
	note = "[Internet; accedido el 17 de enero de 2023]"
}

@misc{texmaker,
	author = "P. Brachet",
	title = "Texmaker (free cross-platform LaTeX editor)",
	year = "(n.d.)",
	url = "https://www.xm1math.net/texmaker/",
	note = "[Internet; accedido el 17 de enero de 2023]"
}

@misc{keynote,
	author = "Apple Inc.",
	title = "Keynote - Apple (ES)",
	year = "(n.d.)",
	url = "https://www.apple.com/es/keynote/",
	note = "[Internet; accedido el 10 de febrero de 2023]"
}

@misc{visual_paradigm,
	author = "Visual Paradigm",
	title = "Ideal Modeling & Diagramming Tool for Agile Team Collaboration",
	year = "2023",
	url = "https://www.visual-paradigm.com",
	note = "[Internet; accedido el 11 de febrero de 2023]"
}

@misc{icons8,
	author = "Visualpharm",
	title = "Free Icons, Clipart Illustrations, Photos and Music",
	year = "(n.d.)",
	url = "https://icons8.com",
	note = "[Internet; accedido el 17 de enero de 2023]"
}

@misc{spain_map,
	author = "Geofabrik",
	title = "Download OpenStreetMap data for this region: Spain",
	year = "2018",
	url = "http://download.geofabrik.de/europe/spain.html",
	note = "[Internet; accedido el 17 de diciembre de 2022]"
}

@misc{klokan,
	author = "Klokan Tech",
	title = "BoundingBox",
	year = "2017",
	url = "https://boundingbox.klokantech.com",
	note = "[Internet; accedido el 17 de diciembre de 2022]"
}

@misc{filtro_colaborativo_2,
	author = "J. Chiang",
	title = "Overview of Item-Item Collaborative Filtering Recommendation System",
	day = "25",
	month = "mayo",
	year = "2021",
	url = "https://medium.com/geekculture/overview-of-item-item-collaborative-filtering-recommendation-system-64ee15b24bb8",
	note = "[Internet; accedido el 27 de diciembre de 2022]"
}

@misc{filtro_colaborativo_3,
	author = "Colaboradores de Wikipedia",
	title = "Item-item collaborative filtering - Wikipedia",
	day = "09",
	month = "diciembre",
	year = "2020",
	url = "https://en.wikipedia.org/wiki/Item-item_collaborative_filtering",
	note = "[Internet; accedido el 10 de diciembre de 2022]"
}

@misc{privacidad,
	author = "Zimrre & freelance",
	title = "Generador de Textos Legales | Política de privacidad, Aviso Legal y Cookies",
	year = "2022",
	url = "https://legales.zimrre.com",
	note = "[Internet; accedido el 7 de enero de 2023]"
}

@misc{agenda,
	author = "Junta de Castilla y León",
	title = "Eventos de la agenda cultural categorizados y geolocalizados",
	day = "26",
	month = "diciembre",
	year = "2022",
	url = "https://analisis.datosabiertos.jcyl.es/explore/dataset/eventos-de-la-agenda-cultural-categorizados-y-geolocalizados/information/",
	note = "[Internet; accedido el 4 de enero de 2023]"
}

@misc{GDPR_ESP,
	author = "Jefatura del Estado",
	title = "Ley Orgánica 3/2018, de 5 de diciembre, de Protección de Datos Personales y Garantía de los Derechos Digitales. - Boletín Oficial del Estado",
	day = "06",
	month = "diciembre",
	year = "2018",
	url = "https://www.boe.es/buscar/pdf/2018/BOE-A-2018-16673-consolidado.pdf",
	note = "[Internet; accedido el 5 de enero de 2023]"
}

@misc{TermsFeed,
	author = "TermsFeed",
	title = "Create Privacy Consent - TermsFeed",
	year = "2022",
	url = "https://app.termsfeed.com/privacy-consent/wizard",
	note = "[Internet; accedido el 5 de enero de 2023]"
}

@misc{analytics,
	author = "Google Inc.",
	title = "Google Analytics",
	year = "2022",
	url = "http://analytics.google.com",
	note = "[Internet; accedido el 9 de enero de 2023]"
}

@misc{datos_abiertos_jcyl,
	author = "Junta de Castilla y León",
	title = "Datos Abiertos de Castilla y León",
	year = "2022",
	url = "https://datosabiertos.jcyl.es/web/es/datos-abiertos-castilla-leon.html",
	note = "[Internet; accedido el 9 de enero de 2023]"
}

@misc{US1,
	author = "E. Melul",
	title = "City Recommender System with Python [Part 1/3]: Finding my Schitt’s Creek",
	day = "05",
	month = "mayo",
	year = "2020",
	url = "https://medium.com/@melulfrescoelias/city-recommender-system-with-python-part-1-finding-my-schitts-creek-f362646280b3",
	note = "[Internet; accedido el 10 de octubre de 2022]"
}

@misc{US2,
	author = "E. Melul",
	title = "City Recommender System with Python [Part 2/3] EDA: Finding my Schitt’s Creek",
	day = "06",
	month = "mayo",
	year = "2020",
	url = "https://medium.com/analytics-vidhya/city-recommender-system-with-python-part-2-finding-my-schitts-creek-da2f2cce2b5f",
	note = "[Internet; accedido el 10 de octubre de 2022]"
}

@misc{US3,
	author = "E. Melul",
	title = "City Recommender System with Python [Part 3/3] Deployment: Finding my Schitt’s Creek",
	day = "10",
	month = "mayo",
	year = "2020",
	url = "https://medium.com/analytics-vidhya/city-recommender-system-with-python-part-3-3-deployment-finding-my-schitts-creek-2019971e2c4d",
	note = "[Internet; accedido el 10 de octubre de 2022]"
}

@misc{filtro_colaborativo_1,
	author = "A. Ajitsaria",
	title = "Build a Recommendation Engine With Collaborative Filtering",
	day = "10",
	month = "julio",
	year = "2019",
	url = "https://realpython.com/build-recommendation-engine-collaborative-filtering/#algorithms-based-on-k-nearest-neighbours-k-nn",
	note = "[Internet; accedido el 26 de diciembre de 2022]"
}

@misc{unittest,
	author = "Python Software Foundation",
	title = "Unit testing framework",
	year = "2023",
	url = "https://docs.python.org/3/library/unittest.html",
	note = "[Internet; accedido el 29 de enero de 2023]"
}

@misc{mock,
	author = "Python Software Foundation",
	title = "mock object library",
	year = "2023",
	url = "https://docs.python.org/3/library/unittest.mock.html",
	note = "[Internet; accedido el 29 de enero de 2023]"
}

@misc{sonar,
	author = "SonarSource S.A",
	title = "Clean Code | Developer First | Sonar",
	year = "2023",
	url = "https://www.sonarsource.com/products/sonarqube/",
	note = "[Internet; accedido el 29 de enero de 2023]"
}

@misc{agile_testing_quadrants,
	author = "P. Oliveira",
	title = "Agile Testing Quadrants",
	day = "3",
	month = "mayo",
	year = "2022",
	url = "https://blog.testproject.io/2022/05/03/agile-testing-quadrants/",
	note = "[Internet; accedido el 29 de enero de 2023]"
}

@misc{testing_pyramid,
	author = "R. Singh",
	title = "The Testing Pyramid: Simplified for One and All",
	day = "23",
	month = "mayo",
	year = "2022",
	url = "https://www.headspin.io/blog/the-testing-pyramid-simplified-for-one-and-all",
	note = "[Internet; accedido el 29 de enero de 2023]"
}

@misc{PHPUnit,
	author = "S. Bergmann",
	title = "PHPUnit: The PHP testing framework",
	year = "2023",
	url = "https://phpunit.de",
	note = "[Internet; accedido el 29 de enero de 2023]"
}

@misc{selenium,
	author = "Software Freedom Conservancy",
	title = "Selenium",
	year = "2023",
	url = "https://www.selenium.dev",
	note = "[Internet; accedido el 29 de enero de 2023]"
}

@misc{browserstack,
	author = "S. Bose",
	title = "App & Browser Testing Made Easy",
	day = "31",
	month = "octubre",
	year = "2022",
	url = "https://www.browserstack.com/guide/end-to-end-testing",
	note = "[Internet; accedido el 29 de enero de 2023]"
}

@misc{cypress,
	author = "Cypress.io",
	title = "JavaScript End to End Testing Framework | Cypress.io testing tools",
	year = "2023",
	url = "https://www.cypress.io",
	note = "[Internet; accedido el 29 de enero de 2023]"
}

@misc{visualping,
	author = "Webmonitoring Technologies Inc.",
	title = "VisualPing: #1 Website change detection, monitoring and alerts",
	year = "2023",
	url = "https://visualping.io",
	note = "[Internet; accedido el 29 de enero de 2023]"
}

@misc{extranjeros_1,
	author = "Á. Recio",
	title = "“Trabajar en casa es una oportunidad espectacular para Málaga”",
	day = "11",
	month = "octubre",
	year = "2020",
	url = "https://www.malagahoy.es/malaga/Juan-Fernandez-Aceytuno-sociedad-tasacion-malaga-trabajar-casa_0_1506449870.html",
	note = "[Internet; accedido el 29 de enero de 2023]"
}

@misc{extranjeros_2,
	author = "S. Soler",
	title = "Canarias despunta como destino de teletrabajadores: ¿nueva fuente de riqueza o más presión turística sobre las islas?",
	day = "28",
	month = "noviembre",
	year = "2022",
	url = "https://www.rtve.es/noticias/20221128/canarias-trabajadores-remoto-riqueza-presion-turismo/2409921.shtml",
	note = "[Internet; accedido el 29 de enero de 2023]"
}

@misc{extranjeros_3,
	author = "A. Sanchis",
	title = "España quiere ganar la carrera por los ``nómadas digitales''. Así que ya prepara un visado específico",
	day = "26",
	month = "septiembre",
	year = "2022",
	url = "https://magnet.xataka.com/en-diez-minutos/espana-quiere-ganar-carrera-nomadas-digitales-asi-que-prepara-visado-especifico",
	note = "[Internet; accedido el 29 de enero de 2023]"
}

@misc{flask_so,
	author = "Haren Sarma, Ash Upadhyay & Peter Mortensen",
	title = "How to run a Python script in a web pages",
	day = "13",
	month = "abril",
	year = "2017",
	url = "https://stackoverflow.com/a/43385004/5710464",
	note = "[Internet; accedido el 10 de octubre de 2022]"
}

@misc{flask_app_engine,
	author = "Google Cloud",
	title = "Compila una app de Python 3 en App Engine",
	year = "2022",
	url = "https://cloud.google.com/appengine/docs/standard/python3/building-app",
	note = "[Internet; accedido el 15 de diciembre de 2022]"
}

@misc{calculadora_app_engine,
	author = "Google Cloud",
	title = "Google Cloud Pricing Calculator",
	year = "2022",
	url = "https://cloud.google.com/products/calculator?hl=es",
	note = "[Internet; accedido el 10 de diciembre de 2022]"
}

@misc{MIT,
	author = "GitHub Inc.",
	title = "MIT License | Choose a License",
	year = "(n.d)",
	url = "https://choosealicense.com/licenses/mit/",
	note = "[Internet; accedido el 11 de febrero de 2023]"
}

@misc{Apache2,
	author = "GitHub Inc.",
	title = "Apache 2.0 License | Choose a License",
	year = "(n.d)",
	url = "https://choosealicense.com/licenses/apache-2.0/",
	note = "[Internet; accedido el 11 de febrero de 2023]"
}

@misc{licencia_virica,
	author = "Colaboradores de Wikipedia",
	title = "Licencia vírica - Wikipedia, la enciclopedia libre",
	day = "29",
	month = "diciembre",
	year = "2022",
	url = "https://es.wikipedia.org/wiki/Licencia_v\%C3\%ADrica",
	note = "[Internet; accedido el 11 de febrero de 2023]"
}

@misc{GPL,
	author = "GitHub Inc.",
	title = "GNU General Public License v3.0 License | Choose a License",
	year = "(n.d)",
	url = "https://choosealicense.com/licenses/gpl-3.0/",
	note = "[Internet; accedido el 11 de febrero de 2023]"
}

@misc{AGPL,
	author = "GitHub Inc.",
	title = "GNU Affero General Public License v3.0 License | Choose a License",
	year = "(n.d)",
	url = "https://choosealicense.com/licenses/agpl-3.0/",
	note = "[Internet; accedido el 11 de febrero de 2023]"
}

@article{rombach,
	author={H.D. Rombach},
	journal={IEEE Software},
	title={Design measurement: some lessons learned},
	year={1990},
	volume={7},
	number={2},
	pages={17-25},
	doi={10.1109/52.50770}
}

@techreport{brackett,
  title={Software requirements},
  author={J. W. Brackett},
  year={1990},
  institution={Carnegie Mellon University Pittsburg Software Engineering Institute}
}

@article{usal_inso_i,
	author={García Peñalvo, Francisco José & García Holgado, Alicia},
	title={Tema 4: Ingeniería de Requisitos - Ingeniería de Software I},
	day={20},
	month= "febrero",
	year={2018},	
	pages={1-35}
}